@techreport{settles2009,
  title={Active learning literature survey},
  author={Settles, Burr},
  year={2009},
  institution={University of Wisconsin-Madison Department of Computer Sciences}
}

@article{shannon1948,
  title={A mathematical theory of communication},
  author={Shannon, Claude E},
  journal={The Bell system technical journal},
  volume={27},
  number={3},
  pages={379--423},
  year={1948},
  publisher={Nokia Bell Labs}
}

@inproceedings{yoo2019,
  title={Learning loss for active learning},
  author={Yoo, Donggeun and Kweon, In So},
  booktitle={Proceedings of the IEEE Conference on Computer Vision and Pattern Recognition},
  pages={93--102},
  year={2019}
}

@article{van2020,
  title={A survey on semi-supervised learning},
  author={Van Engelen, Jesper E and Hoos, Holger H},
  journal={Machine Learning},
  volume={109},
  number={2},
  pages={373--440},
  year={2020},
  publisher={Springer}
}

@article{baldi1989,
  title={Neural networks and principal component analysis: Learning from examples without local minima},
  author={Baldi, Pierre and Hornik, Kurt},
  journal={Neural networks},
  volume={2},
  number={1},
  pages={53--58},
  year={1989},
  publisher={Elsevier}
}

@article{kramer1991,
  title={Nonlinear principal component analysis using autoassociative neural networks},
  author={Kramer, Mark A},
  journal={AIChE journal},
  volume={37},
  number={2},
  pages={233--243},
  year={1991},
  publisher={Wiley Online Library}
}

@inproceedings{sadafi2019,
  title={Multiclass deep active learning for detecting red blood cell subtypes in brightfield microscopy},
  author={Sadafi, Ario and Koehler, Niklas and Makhro, Asya and Bogdanova, Anna and Navab, Nassir and Marr, Carsten and Peng, Tingying},
  booktitle={International Conference on Medical Image Computing and Computer-Assisted Intervention},
  pages={685--693},
  year={2019},
  organization={Springer}
}

@inproceedings{gal2016,
  title={Dropout as a bayesian approximation: Representing model uncertainty in deep learning},
  author={Gal, Yarin and Ghahramani, Zoubin},
  booktitle={international conference on machine learning},
  pages={1050--1059},
  year={2016}
}

@article{chen2020,
  title={A simple framework for contrastive learning of visual representations},
  author={Chen, Ting and Kornblith, Simon and Norouzi, Mohammad and Hinton, Geoffrey},
  journal={arXiv preprint arXiv:2002.05709},
  year={2020}
}

@article{sohn2020,
  title={Fixmatch: Simplifying semi-supervised learning with consistency and confidence},
  author={Sohn, Kihyuk and Berthelot, David and Li, Chun-Liang and Zhang, Zizhao and Carlini, Nicholas and Cubuk, Ekin D and Kurakin, Alex and Zhang, Han and Raffel, Colin},
  journal={arXiv preprint arXiv:2001.07685},
  year={2020}
}

@article{nwankpa2018,
  title={Activation functions: Comparison of trends in practice and research for deep learning},
  author={Nwankpa, Chigozie and Ijomah, Winifred and Gachagan, Anthony and Marshall, Stephen},
  journal={arXiv preprint arXiv:1811.03378},
  year={2018}
}

@inproceedings{sajjadi2016,
  title={Regularization with stochastic transformations and perturbations for deep semi-supervised learning},
  author={Sajjadi, Mehdi and Javanmardi, Mehran and Tasdizen, Tolga},
  booktitle={Advances in neural information processing systems},
  pages={1163--1171},
  year={2016}
}

@article{mclachlan1975,
  title={Iterative reclassification procedure for constructing an asymptotically optimal rule of allocation in discriminant analysis},
  author={McLachlan, Geoffrey J},
  journal={Journal of the American Statistical Association},
  volume={70},
  number={350},
  pages={365--369},
  year={1975},
  publisher={Taylor \& Francis}
}

@article{cox1958,
  title={The regression analysis of binary sequences},
  author={Cox, David R},
  journal={Journal of the Royal Statistical Society: Series B (Methodological)},
  volume={20},
  number={2},
  pages={215--232},
  year={1958},
  publisher={Wiley Online Library}
}

@article{srivastava2014,
  title={Dropout: a simple way to prevent neural networks from overfitting},
  author={Srivastava, Nitish and Hinton, Geoffrey and Krizhevsky, Alex and Sutskever, Ilya and Salakhutdinov, Ruslan},
  journal={The journal of machine learning research},
  volume={15},
  number={1},
  pages={1929--1958},
  year={2014},
  publisher={JMLR. org}
}

@article{gal2016phd,
  title={Uncertainty in deep learning},
  author={Gal, Yarin},
  journal={University of Cambridge},
  volume={1},
  number={3},
  year={2016}
}

@article{kullback1951,
  title={On information and sufficiency},
  author={Kullback, Solomon and Leibler, Richard A},
  journal={The annals of mathematical statistics},
  volume={22},
  number={1},
  pages={79--86},
  year={1951},
  publisher={JSTOR}
}


@book{bishop2006,
  title={Pattern recognition and machine learning},
  author={Bishop, Christopher M},
  year={2006},
  publisher={Springer}
}

@inproceedings{he2016,
  title={Deep residual learning for image recognition},
  author={He, Kaiming and Zhang, Xiangyu and Ren, Shaoqing and Sun, Jian},
  booktitle={Proceedings of the IEEE conference on computer vision and pattern recognition},
  pages={770--778},
  year={2016}
}

@inproceedings{deng2009,
  title={Imagenet: A large-scale hierarchical image database},
  author={Deng, Jia and Dong, Wei and Socher, Richard and Li, Li-Jia and Li, Kai and Fei-Fei, Li},
  booktitle={2009 IEEE conference on computer vision and pattern recognition},
  pages={248--255},
  year={2009},
  organization={Ieee}
}

@article{kingma2014,
  title={Adam: A method for stochastic optimization},
  author={Kingma, Diederik P and Ba, Jimmy},
  journal={arXiv preprint arXiv:1412.6980},
  year={2014}
}

@article{schneider2019,
  title={DeepOBS: A deep learning optimizer benchmark suite},
  author={Schneider, Frank and Balles, Lukas and Hennig, Philipp},
  journal={arXiv preprint arXiv:1903.05499},
  year={2019}
}

@inproceedings{kirsch2019,
  title={Batchbald: Efficient and diverse batch acquisition for deep bayesian active learning},
  author={Kirsch, Andreas and van Amersfoort, Joost and Gal, Yarin},
  booktitle={Advances in Neural Information Processing Systems},
  pages={7026--7037},
  year={2019}
}

@article{keskar2016,
  title={On large-batch training for deep learning: Generalization gap and sharp minima},
  author={Keskar, Nitish Shirish and Mudigere, Dheevatsa and Nocedal, Jorge and Smelyanskiy, Mikhail and Tang, Ping Tak Peter},
  journal={arXiv preprint arXiv:1609.04836},
  year={2016}
}

@inproceedings{sun2017,
  title={Revisiting unreasonable effectiveness of data in deep learning era},
  author={Sun, Chen and Shrivastava, Abhinav and Singh, Saurabh and Gupta, Abhinav},
  booktitle={Proceedings of the IEEE international conference on computer vision},
  pages={843--852},
  year={2017}
}

@inproceedings{joshi2009,
  title={Multi-class active learning for image classification},
  author={Joshi, Ajay J and Porikli, Fatih and Papanikolopoulos, Nikolaos},
  booktitle={2009 IEEE Conference on Computer Vision and Pattern Recognition},
  pages={2372--2379},
  year={2009},
  organization={IEEE}
}

@article{ducoffe2015,
  title={QBDC: query by dropout committee for training deep supervised architecture},
  author={Ducoffe, Melanie and Precioso, Frederic},
  journal={arXiv preprint arXiv:1511.06412},
  year={2015}
}

@inproceedings{holub2008,
  title={Entropy-based active learning for object recognition},
  author={Holub, Alex and Perona, Pietro and Burl, Michael C},
  booktitle={2008 IEEE Computer Society Conference on Computer Vision and Pattern Recognition Workshops},
  pages={1--8},
  year={2008},
  organization={IEEE}
}

@article{matek2019,
  title={Human-level recognition of blast cells in acute myeloid leukaemia with convolutional neural networks},
  author={Matek, Christian and Schwarz, Simone and Spiekermann, Karsten and Marr, Carsten},
  journal={Nature Machine Intelligence},
  volume={1},
  number={11},
  pages={538--544},
  year={2019},
  publisher={Nature Publishing Group}
}

@article{esteva2017,
  title={Dermatologist-level classification of skin cancer with deep neural networks},
  author={Esteva, Andre and Kuprel, Brett and Novoa, Roberto A and Ko, Justin and Swetter, Susan M and Blau, Helen M and Thrun, Sebastian},
  journal={nature},
  volume={542},
  number={7639},
  pages={115--118},
  year={2017},
  publisher={Nature Publishing Group}
}

@inproceedings{smailagic2018,
  title={MedAL: Accurate and robust deep active learning for medical image analysis},
  author={Smailagic, Asim and Costa, Pedro and Noh, Hae Young and Walawalkar, Devesh and Khandelwal, Kartik and Galdran, Adrian and Mirshekari, Mostafa and Fagert, Jonathon and Xu, Susu and Zhang, Pei and others},
  booktitle={2018 17th IEEE International Conference on Machine Learning and Applications (ICMLA)},
  pages={481--488},
  year={2018},
  organization={IEEE}
}

@inproceedings{yang2017,
  title={Suggestive annotation: A deep active learning framework for biomedical image segmentation},
  author={Yang, Lin and Zhang, Yizhe and Chen, Jianxu and Zhang, Siyuan and Chen, Danny Z},
  booktitle={International conference on medical image computing and computer-assisted intervention},
  pages={399--407},
  year={2017},
  organization={Springer}
}

@article{oord2018,
  title={Representation learning with contrastive predictive coding},
  author={Oord, Aaron van den and Li, Yazhe and Vinyals, Oriol},
  journal={arXiv preprint arXiv:1807.03748},
  year={2018}
}

@article{sagheer2019,
  title={Unsupervised pre-training of a Deep LStM-based Stacked Autoencoder for Multivariate time Series forecasting problems},
  author={Sagheer, Alaa and Kotb, Mostafa},
  journal={Scientific Reports},
  volume={9},
  number={1},
  pages={1--16},
  year={2019},
  publisher={Nature Publishing Group}
}

@inproceedings{newell2020,
  title={How Useful is Self-Supervised Pretraining for Visual Tasks?},
  author={Newell, Alejandro and Deng, Jia},
  booktitle={Proceedings of the IEEE/CVF Conference on Computer Vision and Pattern Recognition},
  pages={7345--7354},
  year={2020}
}

@article{jing2020,
  title={Self-supervised visual feature learning with deep neural networks: A survey},
  author={Jing, Longlong and Tian, Yingli},
  journal={IEEE Transactions on Pattern Analysis and Machine Intelligence},
  year={2020},
  publisher={IEEE}
}

@inproceedings{wang2017,
  title={Chestx-ray8: Hospital-scale chest x-ray database and benchmarks on weakly-supervised classification and localization of common thorax diseases},
  author={Wang, Xiaosong and Peng, Yifan and Lu, Le and Lu, Zhiyong and Bagheri, Mohammadhadi and Summers, Ronald M},
  booktitle={Proceedings of the IEEE conference on computer vision and pattern recognition},
  pages={2097--2106},
  year={2017}
}

@article{rajpurkar2017,
  title={Chexnet: Radiologist-level pneumonia detection on chest x-rays with deep learning},
  author={Rajpurkar, Pranav and Irvin, Jeremy and Zhu, Kaylie and Yang, Brandon and Mehta, Hershel and Duan, Tony and Ding, Daisy and Bagul, Aarti and Langlotz, Curtis and Shpanskaya, Katie and others},
  journal={arXiv preprint arXiv:1711.05225},
  year={2017}
}

@inproceedings{raghu2019,
  title={Transfusion: Understanding transfer learning for medical imaging},
  author={Raghu, Maithra and Zhang, Chiyuan and Kleinberg, Jon and Bengio, Samy},
  booktitle={Advances in neural information processing systems},
  pages={3347--3357},
  year={2019}
}

@article{holmberg2020,
  title={Self-supervised retinal thickness prediction enables deep learning from unlabeled data to boost classification of diabetic retinopathy},
  author={Holmberg, Olle G and K{\"o}hler, Niklas D and Martins, Thiago and Siedlecki, Jakob and Herold, Tina and Keidel, Leonie Franziska and Asani, Ben and Schiefelbein, Johannes and Priglinger, Siegfried and Kortuem, Karsten and others},
  journal={bioRxiv},
  pages={861757},
  year={2020},
  publisher={Cold Spring Harbor Laboratory}
}

@inproceedings{tarvainen2017,
  title={Mean teachers are better role models: Weight-averaged consistency targets improve semi-supervised deep learning results},
  author={Tarvainen, Antti and Valpola, Harri},
  booktitle={Advances in neural information processing systems},
  pages={1195--1204},
  year={2017}
}

@article{blasi2016,
  title={Label-free cell cycle analysis for high-throughput imaging flow cytometry},
  author={Blasi, Thomas and Hennig, Holger and Summers, Huw D and Theis, Fabian J and Cerveira, Joana and Patterson, James O and Davies, Derek and Filby, Andrew and Carpenter, Anne E and Rees, Paul},
  journal={Nature communications},
  volume={7},
  number={1},
  pages={1--9},
  year={2016},
  publisher={Nature Publishing Group}
}

@article{clark2013,
  title={The Cancer Imaging Archive (TCIA): maintaining and operating a public information repository},
  author={Clark, Kenneth and Vendt, Bruce and Smith, Kirk and Freymann, John and Kirby, Justin and Koppel, Paul and Moore, Stephen and Phillips, Stanley and Maffitt, David and Pringle, Michael and others},
  journal={Journal of digital imaging},
  volume={26},
  number={6},
  pages={1045--1057},
  year={2013},
  publisher={Springer}
}

@article{tschandl2018,
  title={The HAM10000 dataset, a large collection of multi-source dermatoscopic images of common pigmented skin lesions},
  author={Tschandl, Philipp and Rosendahl, Cliff and Kittler, Harald},
  journal={Scientific data},
  volume={5},
  pages={180161},
  year={2018},
  publisher={Nature Publishing Group}
}

@inproceedings{codella2018,
  title={Skin lesion analysis toward melanoma detection: A challenge at the 2017 international symposium on biomedical imaging (isbi), hosted by the international skin imaging collaboration (isic)},
  author={Codella, Noel CF and Gutman, David and Celebi, M Emre and Helba, Brian and Marchetti, Michael A and Dusza, Stephen W and Kalloo, Aadi and Liopyris, Konstantinos and Mishra, Nabin and Kittler, Harald and others},
  booktitle={2018 IEEE 15th International Symposium on Biomedical Imaging (ISBI 2018)},
  pages={168--172},
  year={2018},
  organization={IEEE}
}

@article{combalia2019,
  title={BCN20000: Dermoscopic lesions in the wild},
  author={Combalia, Marc and Codella, Noel CF and Rotemberg, Veronica and Helba, Brian and Vilaplana, Veronica and Reiter, Ofer and Carrera, Cristina and Barreiro, Alicia and Halpern, Allan C and Puig, Susana and others},
  journal={arXiv preprint arXiv:1908.02288},
  year={2019}
}

@article{eulenberg2017,
  title={Reconstructing cell cycle and disease progression using deep learning},
  author={Eulenberg, Philipp and K{\"o}hler, Niklas and Blasi, Thomas and Filby, Andrew and Carpenter, Anne E and Rees, Paul and Theis, Fabian J and Wolf, F Alexander},
  journal={Nature communications},
  volume={8},
  number={1},
  pages={1--6},
  year={2017},
  publisher={Nature Publishing Group}
}

@inproceedings{hanin2018,
  title={How to start training: The effect of initialization and architecture},
  author={Hanin, Boris and Rolnick, David},
  booktitle={Advances in Neural Information Processing Systems},
  pages={571--581},
  year={2018}
}

@inproceedings{glorot2010,
  title={Understanding the difficulty of training deep feedforward neural networks},
  author={Glorot, Xavier and Bengio, Yoshua},
  booktitle={Proceedings of the thirteenth international conference on artificial intelligence and statistics},
  pages={249--256},
  year={2010}
}

@inproceedings{he2015,
  title={Delving deep into rectifiers: Surpassing human-level performance on imagenet classification},
  author={He, Kaiming and Zhang, Xiangyu and Ren, Shaoqing and Sun, Jian},
  booktitle={Proceedings of the IEEE international conference on computer vision},
  pages={1026--1034},
  year={2015}
}

@article{ferreira2020,
  title={Using autoencoders as a weight initialization method on deep neural networks for disease detection},
  author={Ferreira, Mafalda Falc{\~a}o and Camacho, Rui and Teixeira, Lu{\'\i}s F},
  journal={BMC Medical Informatics and Decision Making},
  volume={20},
  number={5},
  pages={1--18},
  year={2020},
  publisher={Springer}
}

@inproceedings{raychaudhuri2008,
  title={Introduction to monte carlo simulation},
  author={Raychaudhuri, Samik},
  booktitle={2008 Winter simulation conference},
  pages={91--100},
  year={2008},
  organization={IEEE}
}

@book{alpaydin2020,
  title={Introduction to machine learning},
  author={Alpaydin, Ethem},
  year={2020},
  publisher={MIT press}
}

@article{smolensky1999,
  title={Grammar-based connectionist approaches to language},
  author={Smolensky, Paul},
  journal={Cognitive Science},
  volume={23},
  number={4},
  pages={589--613},
  year={1999},
  publisher={Wiley Online Library}
}

@article{samuel1959,
  title={Some studies in machine learning using the game of checkers},
  author={Samuel, Arthur L},
  journal={IBM Journal of research and development},
  volume={3},
  number={3},
  pages={210--229},
  year={1959},
  publisher={IBM}
}

@incollection{fukushima1982,
  title={Neocognitron: A self-organizing neural network model for a mechanism of visual pattern recognition},
  author={Fukushima, Kunihiko and Miyake, Sei},
  booktitle={Competition and cooperation in neural nets},
  pages={267--285},
  year={1982},
  publisher={Springer}
}

@article{bengio2013,
  title={Representation learning: A review and new perspectives},
  author={Bengio, Yoshua and Courville, Aaron and Vincent, Pascal},
  journal={IEEE transactions on pattern analysis and machine intelligence},
  volume={35},
  number={8},
  pages={1798--1828},
  year={2013},
  publisher={IEEE}
}

@incollection{bottou2010,
  title={Large-scale machine learning with stochastic gradient descent},
  author={Bottou, L{\'e}on},
  booktitle={Proceedings of COMPSTAT'2010},
  pages={177--186},
  year={2010},
  publisher={Springer}
}

@article{west2007,
  title={Spring research presentation: A theoretical foundation for inductive transfer},
  author={West, Jeremy and Ventura, Dan and Warnick, Sean},
  journal={Brigham Young University, College of Physical and Mathematical Sciences},
  volume={1},
  number={08},
  year={2007}
}

@article{pan2009,
  title={A survey on transfer learning},
  author={Pan, Sinno Jialin and Yang, Qiang},
  journal={IEEE Transactions on knowledge and data engineering},
  volume={22},
  number={10},
  pages={1345--1359},
  year={2009},
  publisher={IEEE}
}

@article{gidaris2018,
  title={Unsupervised representation learning by predicting image rotations},
  author={Gidaris, Spyros and Singh, Praveer and Komodakis, Nikos},
  journal={arXiv preprint arXiv:1803.07728},
  year={2018}
}

@article{nava2019,
  title={Learning long-range perception using self-supervision from short-range sensors and odometry},
  author={Nava, Mirko and Guzzi, J{\'e}r{\^o}me and Chavez-Garcia, R Omar and Gambardella, Luca M and Giusti, Alessandro},
  journal={IEEE Robotics and Automation Letters},
  volume={4},
  number={2},
  pages={1279--1286},
  year={2019},
  publisher={IEEE}
}

@book{holt2012,
  title={Psychology: The science of mind and behaviour},
  author={Holt, Nigel James and Bremner, Andrew and Sutherland, Ed and Vliek, Michael and Passer, MIchael and Smith, Ronald},
  year={2012},
  publisher={McGraw-Hill Education}
}

@book{karban2015,
  title={Plant sensing and communication},
  author={Karban, Richard},
  year={2015},
  publisher={University of Chicago Press}
}

@book{schacter2011,
  title={Psychology: European Edition},
  author={Schacter, Daniel and Gilbert, Daniel and Wegner, Daniel and Hood, Bruce M},
  year={2011},
  publisher={Macmillan International Higher Education}
}

@book{fuentes2017,
  title={The International Encyclopedia of Primatology, 3 Volume Set},
  author={Fuentes, Agust{\'\i}n},
  year={2017},
  publisher={John Wiley \& Sons}
}

@article{scott2012,
  title={Natural learning in higher education},
  author={Scott, A},
  journal={Encyclopedia of},
  year={2012}
}

@book{plotnik2013,
  title={Introduction to psychology},
  author={Plotnik, Rod and Kouyoumdjian, Haig},
  year={2013},
  publisher={Cengage Learning}
}

@article{perkins1989,
  title={Are cognitive skills context-bound?},
  author={Perkins, David N and Salomon, Gavriel},
  journal={Educational researcher},
  volume={18},
  number={1},
  pages={16--25},
  year={1989},
  publisher={Sage Publications Sage CA: Thousand Oaks, CA}
}

@article{ganglberger2017,
  title={A Comparison of Rule-Based and Machine Learning Methods for Classification of Spikes in EEG.},
  author={Ganglberger, Wolfgang and Gritsch, Gerhard and Hartmann, Manfred Martin and F{\"u}rbass, Franz and Perko, Hannes and Skupch, Ana M and Kluge, Tilmann},
  journal={JCM},
  volume={12},
  number={10},
  pages={589},
  year={2017}
}